
@misc{TaskSheet,
  title = {Report Task Sheet},
  howpublished = {competition_specification_2021.pdf},
  file = {C:\Users\harry\Documents\Uni\MXEN2002\competition_specification_2021.pdf}
}


